%% Created using Papers on Tue, 10 Nov 2015.
%% http://papersapp.com/papers/

@book{Peled:2013ug,
author = {Peled, Noam and Gal, Ya'akov Kobi and Kraus, Sarit},
title = {{An agent design for repeated negotiation and information revelation with people: Extended Abstract}},
publisher = {International Foundation for Autonomous Agents and Multiagent Systems},
year = {2013},
month = may
}

@article{Gal:2004ua,
author = {Gal, Y and Pfeffer, A and Marzo, F and Grosz, B J},
title = {{Learning social preferences in games}},
journal = {{\ldots} of the National Conference on Artificial {\ldots}},
year = {2004}
}

@article{Grosz:2004kt,
author = {Grosz, Barbara J and Kraus, Sarit and Talman, Shavit and Stossel, Boaz and Havlin, Moti},
title = {{The Influence of Social Dependencies on Decision-Making: Initial Investigations with a New Game.}},
journal = {AAMAS},
year = {2004},
pages = {782--789}
}

@article{Peled:2015if,
author = {Peled, Noam and Gal, Ya'akov Kobi and Kraus, Sarit},
title = {{A study of computational and human strategies in revelation games}},
journal = {Autonomous Agents and Multi-Agent Systems},
year = {2015},
volume = {29},
number = {1},
pages = {73--97}
}

@inproceedings{Gal:2007tl,
author = {Gal, Y and Pfeffer, A},
title = {{Modeling reciprocal behavior in human bilateral negotiation}},
booktitle = {Proceedings of the national conference on artificial {\ldots}},
year = {2007}
}

